@inproceedings{ipsum2010lorem,
  title={Lorem ipsum},
  author={Ipsum, Lorem},
  booktitle={Proceedings of the 1st International Workshop on},
  year={2010}
}

@article{kim1995novel,
  title={A novel voltage modulation technique of the space vector PWM},
  author={Kim, Joohn Sheok and Sul, Seung Ki},
  journal={Chongi Hakhoe Nonmunchi (Transactions of the Korean Institute of Electrical Engineers)},
  volume={44},
  year={1995}
}
